%YAML 1.1
%TAG !u! tag:unity3d.com,2011:
--- !u!1 &1377422254372446911
GameObject:
  m_ObjectHideFlags: 0
  m_CorrespondingSourceObject: {fileID: 0}
  m_PrefabInstance: {fileID: 0}
  m_PrefabAsset: {fileID: 0}
  serializedVersion: 6
  m_Component:
  - component: {fileID: 9008943672198829857}
  - component: {fileID: -8336816864087694742}
  - component: {fileID: 6595023223742581}
  m_Layer: 0
  m_Name: Port Settlement
  m_TagString: Untagged
  m_Icon: {fileID: 0}
  m_NavMeshLayer: 0
  m_StaticEditorFlags: 0
  m_IsActive: 1
--- !u!4 &9008943672198829857
Transform:
  m_ObjectHideFlags: 0
  m_CorrespondingSourceObject: {fileID: 0}
  m_PrefabInstance: {fileID: 0}
  m_PrefabAsset: {fileID: 0}
  m_GameObject: {fileID: 1377422254372446911}
  m_LocalRotation: {x: 0, y: 0, z: 0, w: 1}
  m_LocalPosition: {x: -300, y: 0, z: -500}
  m_LocalScale: {x: 100, y: 100, z: 100}
  m_ConstrainProportionsScale: 1
  m_Children:
  - {fileID: 5135830041486391008}
  - {fileID: 5537225480602423552}
  - {fileID: 4928021113003564959}
  - {fileID: 2524829075595028227}
  m_Father: {fileID: 0}
  m_RootOrder: 0
  m_LocalEulerAnglesHint: {x: 0, y: 0, z: 0}
--- !u!114 &-8336816864087694742
MonoBehaviour:
  m_ObjectHideFlags: 0
  m_CorrespondingSourceObject: {fileID: 0}
  m_PrefabInstance: {fileID: 0}
  m_PrefabAsset: {fileID: 0}
  m_GameObject: {fileID: 1377422254372446911}
  m_Enabled: 1
  m_EditorHideFlags: 0
  m_Script: {fileID: 11500000, guid: 2323117627dd7490ba7e4efd4ff7f004, type: 3}
  m_Name: 
  m_EditorClassIdentifier: 
--- !u!114 &6595023223742581
MonoBehaviour:
  m_ObjectHideFlags: 0
  m_CorrespondingSourceObject: {fileID: 0}
  m_PrefabInstance: {fileID: 0}
  m_PrefabAsset: {fileID: 0}
  m_GameObject: {fileID: 1377422254372446911}
  m_Enabled: 1
  m_EditorHideFlags: 0
  m_Script: {fileID: 11500000, guid: 50268a27bba3a47588784f060bdc1cfb, type: 3}
  m_Name: 
  m_EditorClassIdentifier: 
  portType: 5
--- !u!1 &3006653735777131446
GameObject:
  m_ObjectHideFlags: 0
  m_CorrespondingSourceObject: {fileID: 0}
  m_PrefabInstance: {fileID: 0}
  m_PrefabAsset: {fileID: 0}
  serializedVersion: 6
  m_Component:
  - component: {fileID: 5135830041486391008}
  - component: {fileID: 2805775080418191250}
  - component: {fileID: 2115002192374509172}
  - component: {fileID: 7033848032604147858}
  m_Layer: 0
  m_Name: Cube
  m_TagString: Untagged
  m_Icon: {fileID: 0}
  m_NavMeshLayer: 0
  m_StaticEditorFlags: 0
  m_IsActive: 1
--- !u!4 &5135830041486391008
Transform:
  m_ObjectHideFlags: 0
  m_CorrespondingSourceObject: {fileID: 0}
  m_PrefabInstance: {fileID: 0}
  m_PrefabAsset: {fileID: 0}
  m_GameObject: {fileID: 3006653735777131446}
  m_LocalRotation: {x: 0, y: 0, z: 0, w: 1}
  m_LocalPosition: {x: 0, y: 0, z: 0}
  m_LocalScale: {x: 2, y: 0.01, z: 2}
  m_ConstrainProportionsScale: 0
  m_Children: []
  m_Father: {fileID: 9008943672198829857}
  m_RootOrder: 0
  m_LocalEulerAnglesHint: {x: 0, y: 0, z: 0}
--- !u!33 &2805775080418191250
MeshFilter:
  m_ObjectHideFlags: 0
  m_CorrespondingSourceObject: {fileID: 0}
  m_PrefabInstance: {fileID: 0}
  m_PrefabAsset: {fileID: 0}
  m_GameObject: {fileID: 3006653735777131446}
  m_Mesh: {fileID: 10202, guid: 0000000000000000e000000000000000, type: 0}
--- !u!23 &2115002192374509172
MeshRenderer:
  m_ObjectHideFlags: 0
  m_CorrespondingSourceObject: {fileID: 0}
  m_PrefabInstance: {fileID: 0}
  m_PrefabAsset: {fileID: 0}
  m_GameObject: {fileID: 3006653735777131446}
  m_Enabled: 1
  m_CastShadows: 1
  m_ReceiveShadows: 1
  m_DynamicOccludee: 1
  m_StaticShadowCaster: 0
  m_MotionVectors: 1
  m_LightProbeUsage: 1
  m_ReflectionProbeUsage: 1
  m_RayTracingMode: 2
  m_RayTraceProcedural: 0
  m_RenderingLayerMask: 1
  m_RendererPriority: 0
  m_Materials:
  - {fileID: 2100000, guid: 17b0a9f9f1d94436c9f8a18e25736f62, type: 2}
  m_StaticBatchInfo:
    firstSubMesh: 0
    subMeshCount: 0
  m_StaticBatchRoot: {fileID: 0}
  m_ProbeAnchor: {fileID: 0}
  m_LightProbeVolumeOverride: {fileID: 0}
  m_ScaleInLightmap: 1
  m_ReceiveGI: 1
  m_PreserveUVs: 0
  m_IgnoreNormalsForChartDetection: 0
  m_ImportantGI: 0
  m_StitchLightmapSeams: 1
  m_SelectedEditorRenderState: 3
  m_MinimumChartSize: 4
  m_AutoUVMaxDistance: 0.5
  m_AutoUVMaxAngle: 89
  m_LightmapParameters: {fileID: 0}
  m_SortingLayerID: 0
  m_SortingLayer: 0
  m_SortingOrder: 0
  m_AdditionalVertexStreams: {fileID: 0}
--- !u!65 &7033848032604147858
BoxCollider:
  m_ObjectHideFlags: 0
  m_CorrespondingSourceObject: {fileID: 0}
  m_PrefabInstance: {fileID: 0}
  m_PrefabAsset: {fileID: 0}
  m_GameObject: {fileID: 3006653735777131446}
  m_Material: {fileID: 0}
  m_IsTrigger: 0
  m_Enabled: 1
  serializedVersion: 2
  m_Size: {x: 1, y: 1, z: 1}
  m_Center: {x: 0, y: 0, z: 0}
--- !u!1001 &2524829075595085157
PrefabInstance:
  m_ObjectHideFlags: 0
  serializedVersion: 2
  m_Modification:
    m_TransformParent: {fileID: 9008943672198829857}
    m_Modifications:
    - target: {fileID: 148076, guid: 4ccb1c3bf907ef74b92d63c996c095f6, type: 3}
      propertyPath: m_Name
      value: SM_Bld_Fort_Room_01
      objectReference: {fileID: 0}
    - target: {fileID: 467558, guid: 4ccb1c3bf907ef74b92d63c996c095f6, type: 3}
      propertyPath: m_RootOrder
      value: 3
      objectReference: {fileID: 0}
    - target: {fileID: 467558, guid: 4ccb1c3bf907ef74b92d63c996c095f6, type: 3}
      propertyPath: m_LocalScale.x
      value: 0.02
      objectReference: {fileID: 0}
    - target: {fileID: 467558, guid: 4ccb1c3bf907ef74b92d63c996c095f6, type: 3}
      propertyPath: m_LocalScale.y
      value: 0.02
      objectReference: {fileID: 0}
    - target: {fileID: 467558, guid: 4ccb1c3bf907ef74b92d63c996c095f6, type: 3}
      propertyPath: m_LocalScale.z
      value: 0.02
      objectReference: {fileID: 0}
    - target: {fileID: 467558, guid: 4ccb1c3bf907ef74b92d63c996c095f6, type: 3}
      propertyPath: m_LocalPosition.x
      value: -0.485
      objectReference: {fileID: 0}
    - target: {fileID: 467558, guid: 4ccb1c3bf907ef74b92d63c996c095f6, type: 3}
      propertyPath: m_LocalPosition.y
      value: 0.107
      objectReference: {fileID: 0}
    - target: {fileID: 467558, guid: 4ccb1c3bf907ef74b92d63c996c095f6, type: 3}
      propertyPath: m_LocalPosition.z
      value: 0.451
      objectReference: {fileID: 0}
    - target: {fileID: 467558, guid: 4ccb1c3bf907ef74b92d63c996c095f6, type: 3}
      propertyPath: m_LocalRotation.w
      value: 0.38268343
      objectReference: {fileID: 0}
    - target: {fileID: 467558, guid: 4ccb1c3bf907ef74b92d63c996c095f6, type: 3}
      propertyPath: m_LocalRotation.x
      value: 0
      objectReference: {fileID: 0}
    - target: {fileID: 467558, guid: 4ccb1c3bf907ef74b92d63c996c095f6, type: 3}
      propertyPath: m_LocalRotation.y
      value: 0.92387956
      objectReference: {fileID: 0}
    - target: {fileID: 467558, guid: 4ccb1c3bf907ef74b92d63c996c095f6, type: 3}
      propertyPath: m_LocalRotation.z
      value: 0
      objectReference: {fileID: 0}
    - target: {fileID: 467558, guid: 4ccb1c3bf907ef74b92d63c996c095f6, type: 3}
      propertyPath: m_LocalEulerAnglesHint.x
      value: 0
      objectReference: {fileID: 0}
    - target: {fileID: 467558, guid: 4ccb1c3bf907ef74b92d63c996c095f6, type: 3}
      propertyPath: m_LocalEulerAnglesHint.y
      value: 135
      objectReference: {fileID: 0}
    - target: {fileID: 467558, guid: 4ccb1c3bf907ef74b92d63c996c095f6, type: 3}
      propertyPath: m_LocalEulerAnglesHint.z
      value: 0
      objectReference: {fileID: 0}
    - target: {fileID: 467558, guid: 4ccb1c3bf907ef74b92d63c996c095f6, type: 3}
      propertyPath: m_ConstrainProportionsScale
      value: 1
      objectReference: {fileID: 0}
    - target: {fileID: 64501534907261558, guid: 4ccb1c3bf907ef74b92d63c996c095f6, type: 3}
      propertyPath: m_Enabled
      value: 0
      objectReference: {fileID: 0}
    m_RemovedComponents: []
  m_SourcePrefab: {fileID: 100100000, guid: 4ccb1c3bf907ef74b92d63c996c095f6, type: 3}
--- !u!4 &2524829075595028227 stripped
Transform:
  m_CorrespondingSourceObject: {fileID: 467558, guid: 4ccb1c3bf907ef74b92d63c996c095f6, type: 3}
  m_PrefabInstance: {fileID: 2524829075595085157}
  m_PrefabAsset: {fileID: 0}
--- !u!1001 &4928021113003677597
PrefabInstance:
  m_ObjectHideFlags: 0
  serializedVersion: 2
  m_Modification:
    m_TransformParent: {fileID: 9008943672198829857}
    m_Modifications:
    - target: {fileID: 103298, guid: 1e81b0fc9bf0b9b4392e5125f7914471, type: 3}
      propertyPath: m_Name
      value: SM_Bld_Fort_Base_01
      objectReference: {fileID: 0}
    - target: {fileID: 411650, guid: 1e81b0fc9bf0b9b4392e5125f7914471, type: 3}
      propertyPath: m_RootOrder
      value: 2
      objectReference: {fileID: 0}
    - target: {fileID: 411650, guid: 1e81b0fc9bf0b9b4392e5125f7914471, type: 3}
      propertyPath: m_LocalScale.x
      value: 0.01
      objectReference: {fileID: 0}
    - target: {fileID: 411650, guid: 1e81b0fc9bf0b9b4392e5125f7914471, type: 3}
      propertyPath: m_LocalScale.y
      value: 0.01
      objectReference: {fileID: 0}
    - target: {fileID: 411650, guid: 1e81b0fc9bf0b9b4392e5125f7914471, type: 3}
      propertyPath: m_LocalScale.z
      value: 0.01
      objectReference: {fileID: 0}
    - target: {fileID: 411650, guid: 1e81b0fc9bf0b9b4392e5125f7914471, type: 3}
      propertyPath: m_LocalPosition.x
      value: -0.48499998
      objectReference: {fileID: 0}
    - target: {fileID: 411650, guid: 1e81b0fc9bf0b9b4392e5125f7914471, type: 3}
      propertyPath: m_LocalPosition.y
      value: 0.0069999993
      objectReference: {fileID: 0}
    - target: {fileID: 411650, guid: 1e81b0fc9bf0b9b4392e5125f7914471, type: 3}
      propertyPath: m_LocalPosition.z
      value: 0.45100006
      objectReference: {fileID: 0}
    - target: {fileID: 411650, guid: 1e81b0fc9bf0b9b4392e5125f7914471, type: 3}
      propertyPath: m_LocalRotation.w
      value: 1
      objectReference: {fileID: 0}
    - target: {fileID: 411650, guid: 1e81b0fc9bf0b9b4392e5125f7914471, type: 3}
      propertyPath: m_LocalRotation.x
      value: -0
      objectReference: {fileID: 0}
    - target: {fileID: 411650, guid: 1e81b0fc9bf0b9b4392e5125f7914471, type: 3}
      propertyPath: m_LocalRotation.y
      value: -0
      objectReference: {fileID: 0}
    - target: {fileID: 411650, guid: 1e81b0fc9bf0b9b4392e5125f7914471, type: 3}
      propertyPath: m_LocalRotation.z
      value: -0
      objectReference: {fileID: 0}
    - target: {fileID: 411650, guid: 1e81b0fc9bf0b9b4392e5125f7914471, type: 3}
      propertyPath: m_LocalEulerAnglesHint.x
      value: 0
      objectReference: {fileID: 0}
    - target: {fileID: 411650, guid: 1e81b0fc9bf0b9b4392e5125f7914471, type: 3}
      propertyPath: m_LocalEulerAnglesHint.y
      value: 0
      objectReference: {fileID: 0}
    - target: {fileID: 411650, guid: 1e81b0fc9bf0b9b4392e5125f7914471, type: 3}
      propertyPath: m_LocalEulerAnglesHint.z
      value: 0
      objectReference: {fileID: 0}
    - target: {fileID: 411650, guid: 1e81b0fc9bf0b9b4392e5125f7914471, type: 3}
      propertyPath: m_ConstrainProportionsScale
      value: 1
      objectReference: {fileID: 0}
    - target: {fileID: 64558915636264044, guid: 1e81b0fc9bf0b9b4392e5125f7914471, type: 3}
      propertyPath: m_Enabled
      value: 0
      objectReference: {fileID: 0}
    m_RemovedComponents: []
  m_SourcePrefab: {fileID: 100100000, guid: 1e81b0fc9bf0b9b4392e5125f7914471, type: 3}
--- !u!4 &4928021113003564959 stripped
Transform:
  m_CorrespondingSourceObject: {fileID: 411650, guid: 1e81b0fc9bf0b9b4392e5125f7914471, type: 3}
  m_PrefabInstance: {fileID: 4928021113003677597}
  m_PrefabAsset: {fileID: 0}
--- !u!1001 &5537225480602370206
PrefabInstance:
  m_ObjectHideFlags: 0
  serializedVersion: 2
  m_Modification:
    m_TransformParent: {fileID: 9008943672198829857}
    m_Modifications:
    - target: {fileID: 173536, guid: b021ca9ebdf78b3428c32c2aab1ed578, type: 3}
      propertyPath: m_Name
      value: SM_Env_Flat_Sand_01
      objectReference: {fileID: 0}
    - target: {fileID: 479646, guid: b021ca9ebdf78b3428c32c2aab1ed578, type: 3}
      propertyPath: m_RootOrder
      value: 1
      objectReference: {fileID: 0}
    - target: {fileID: 479646, guid: b021ca9ebdf78b3428c32c2aab1ed578, type: 3}
      propertyPath: m_LocalScale.x
      value: 0.25
      objectReference: {fileID: 0}
    - target: {fileID: 479646, guid: b021ca9ebdf78b3428c32c2aab1ed578, type: 3}
      propertyPath: m_LocalScale.y
      value: 0.02
      objectReference: {fileID: 0}
    - target: {fileID: 479646, guid: b021ca9ebdf78b3428c32c2aab1ed578, type: 3}
      propertyPath: m_LocalScale.z
      value: 0.25
      objectReference: {fileID: 0}
    - target: {fileID: 479646, guid: b021ca9ebdf78b3428c32c2aab1ed578, type: 3}
      propertyPath: m_LocalPosition.x
      value: 0
      objectReference: {fileID: 0}
    - target: {fileID: 479646, guid: b021ca9ebdf78b3428c32c2aab1ed578, type: 3}
      propertyPath: m_LocalPosition.y
      value: 0.003
      objectReference: {fileID: 0}
    - target: {fileID: 479646, guid: b021ca9ebdf78b3428c32c2aab1ed578, type: 3}
      propertyPath: m_LocalPosition.z
      value: 0
      objectReference: {fileID: 0}
    - target: {fileID: 479646, guid: b021ca9ebdf78b3428c32c2aab1ed578, type: 3}
      propertyPath: m_LocalRotation.w
      value: 1
      objectReference: {fileID: 0}
    - target: {fileID: 479646, guid: b021ca9ebdf78b3428c32c2aab1ed578, type: 3}
      propertyPath: m_LocalRotation.x
      value: -0
      objectReference: {fileID: 0}
    - target: {fileID: 479646, guid: b021ca9ebdf78b3428c32c2aab1ed578, type: 3}
      propertyPath: m_LocalRotation.y
      value: -0
      objectReference: {fileID: 0}
    - target: {fileID: 479646, guid: b021ca9ebdf78b3428c32c2aab1ed578, type: 3}
      propertyPath: m_LocalRotation.z
      value: -0
      objectReference: {fileID: 0}
    - target: {fileID: 479646, guid: b021ca9ebdf78b3428c32c2aab1ed578, type: 3}
      propertyPath: m_LocalEulerAnglesHint.x
      value: 0
      objectReference: {fileID: 0}
    - target: {fileID: 479646, guid: b021ca9ebdf78b3428c32c2aab1ed578, type: 3}
      propertyPath: m_LocalEulerAnglesHint.y
      value: 0
      objectReference: {fileID: 0}
    - target: {fileID: 479646, guid: b021ca9ebdf78b3428c32c2aab1ed578, type: 3}
      propertyPath: m_LocalEulerAnglesHint.z
      value: 0
      objectReference: {fileID: 0}
    - target: {fileID: 479646, guid: b021ca9ebdf78b3428c32c2aab1ed578, type: 3}
      propertyPath: m_ConstrainProportionsScale
      value: 0
      objectReference: {fileID: 0}
    - target: {fileID: 64726540889102476, guid: b021ca9ebdf78b3428c32c2aab1ed578, type: 3}
      propertyPath: m_Enabled
      value: 0
      objectReference: {fileID: 0}
    m_RemovedComponents: []
  m_SourcePrefab: {fileID: 100100000, guid: b021ca9ebdf78b3428c32c2aab1ed578, type: 3}
--- !u!4 &5537225480602423552 stripped
Transform:
  m_CorrespondingSourceObject: {fileID: 479646, guid: b021ca9ebdf78b3428c32c2aab1ed578, type: 3}
  m_PrefabInstance: {fileID: 5537225480602370206}
  m_PrefabAsset: {fileID: 0}
